@inproceedings{Pey17,
  author    = {Simon {Peyton Jones}},
  title     = {How to Write a Great Research Paper},
  booktitle = {2017 Imperial College Computing Student Workshop, {ICCSW} 2017, September
               26-27, 2017, London, {UK}},
  pages     = {1:1--1:1},
  year      = {2017},    
  
}

@book{Wil09,
  title={Style: the basics of clarity and grace},
  author={Williams, Joseph M and Bizup, Joseph},
  year={2009},
  publisher={Pearson Longman}
}

@book{Pin15,
  title={The sense of style: The thinking person's guide to writing in the 21st century},
  author={Pinker, Steven},
  year={2015},
  publisher={Penguin Books}
}

@book{StrWhi07,
  title={The Elements of style},
  author={Strunk, William and Whyte, EB},
  year={2007},
  publisher={Penguin}
}

@book{Von80,
  title={How to write with style},
  author={Vonnegut, Kurt},
  year={1980},
  publisher={International Paper Company}
}

@incollection{Orw68,
  title={Politics and the {English} language},
  author={Orwell, George},
  booktitle={The collected essays, journalism and letters of George Orwell},
  pages={127--140},
  year={1968},
  publisher={Harcourt, Brace, Javanovich}
}

% Real Citations


@article{Hindley_1969, 
  title={The principle type-scheme of an object in combinatory logic},
  volume={146},
  DOI={10.1090/s0002-9947-1969-0253905-6},
  journal={Transactions of the American Mathematical Society},
  author={Hindley, R.},
  year={1969},
  pages={29–29}
} 

@article{Milner_1978,
  title   ={A theory of type polymorphism in programming},
  volume  ={17},
  DOI     ={10.1016/0022-0000(78)90014-4},
  number  ={3},
  journal ={Journal of Computer and System Sciences},
  author  ={Milner, Robin},
  year    ={1978},
  month   ={Dec},
  pages   ={348–375}
}

@article{Damas_Milner_1982,
  title={Principal type-schemes for functional programs},
  DOI={10.1145/582153.582176},
  journal={Proceedings of the 9th ACM SIGPLAN-SIGACT symposium on Principles of programming languages  - POPL ’82},
  author={Damas, Luis and Milner, Robin},
  year={1982}
} 

@misc{TIOBE,
  title        = {TIOBE Index for March 2024},
  author       = {TIOBE-Organisiation},
  howpublished = {\url {https://www.tiobe.com/tiobe-index/}},
  year         = {2024},
  note         = {Accessed: 07-03-2024}
}